%% This BibTeX bibliography file was created using BibDesk.
%% http://bibdesk.sourceforge.net/


%% Created for Christoph Drost at 2014-06-09 14:57:40 +0200 


%% Saved with string encoding Unicode (UTF-8) 



@misc{liberatorBild,
	Author = {Patapsco},
	Date-Added = {2014-06-09 11:58:23 +0000},
	Date-Modified = {2014-06-09 11:59:10 +0000},
	Howpublished = {http://www.patapsco.co.uk/pdfs/Liberator_S_isdn_converter_isdn_conversion_pri_bri.pdf},
	Title = {Darstellung der Liberator S}}

@misc{frequenzPlan1800,
	Author = {Aaronia AG},
	Date-Added = {2014-06-02 14:42:54 +0000},
	Date-Modified = {2014-06-08 13:06:15 +0000},
	Howpublished = {http://www.aaronia.de/grundlagen/frequenzplaene/frequenzplan-gsm1800-de/},
	Title = {Frequenznutzungsplan GSM 1800}}
